<?xml version="1.0" encoding="UTF-8"?>
   <CBIPaymentRequest xsi:schemaLocation="urn:CBI:xsd:CBIPaymentRequest.00.03.09
CBIPaymentRequest.00.03.09.xsd" xmlns="urn:CBI:xsd:CBIPaymentRequest.00.03.09"
xmlns:xsi="http://www.w3.org/2001/XMLSchema-instance">
     <GrpHdr>
         <MsgId>ubifeb1720170209123243</MsgId>
         <CreDtTm>2017-02-09T12:32:43+01:00</CreDtTm>
         <NbOfTxs>91</NbOfTxs>
         <CtrlSum>634331</CtrlSum>
         <InitgPty>
             <Nm>nomeAzienda</Nm>
             <Id>
                 <OrgId>
                     <Othr>
                         <Id>1338106H</Id>
                         <Issr>CBI</Issr>
                     </Othr>
                 </OrgId>
             </Id>
         </InitgPty>
     </GrpHdr>
     <PmtInf>
          <PmtInfId>ubifeb1720170209123243</PmtInfId>
          <PmtMtd>TRA</PmtMtd>
          <PmtTpInf>
             <InstrPrty>NORM</InstrPrty>
             <SvcLvl>
                 <Cd>SEPA</Cd>
             </SvcLvl>
          </PmtTpInf>
          <ReqdExctnDt>2017-02-09</ReqdExctnDt> 
          <Dbtr>
                 <Nm>nomeAzienda</Nm>
                 <Id>
                      <OrgId>
                          <Othr>
                              <Id>11323900016</Id>
                              <Issr>ADE</Issr>
                          </Othr>
                      </OrgId>
                 </Id>
          </Dbtr>
          <DbtrAcct>
                 <Id>
                     <IBAN>ibanazienda</IBAN>
                  </Id>
          </DbtrAcct>
          <DbtrAgt>
                 <FinInstnId>
                      <ClrSysMmbId>
                          <MmbId>03111</MmbId>
                      </ClrSysMmbId>
                  </FinInstnId>
          </DbtrAgt>
          <ChrgBr>SLEV</ChrgBr>
          <CdtTrfTxInf>
              <PmtId>
                  <InstrId>1</InstrId>
                  <EndToEndId>ubifeb1720170209123243-0001</EndToEndId>
              </PmtId>
              <PmtTpInf>
                  <CtgyPurp>
                      <Cd>SUPP</Cd>
                  </CtgyPurp>
              </PmtTpInf>
              <Amt>
                 <InstdAmt Ccy="EUR">18.91</InstdAmt>
              </Amt>
              <Cdtr>
                  <Nm>nomeAziendaFornitore1</Nm>
                    <PstlAdr>
                        <AdrTp>ADDR</AdrTp>
                        <StrtNm>Indirizzo</StrtNm>
                        <PstCd>cap</PstCd>
                        <TwnNm>Localita</TwnNm>
                        <CtrySubDvsn>prov</CtrySubDvsn>
                        <Ctry>nazione</Ctry>
                    </PstlAdr>
              </Cdtr>
              <CdtrAcct>
                  <Id>
                      <IBAN>ibanaziendafornitore</IBAN>
                  </Id>
              </CdtrAcct>
              <RmtInf>
                  <Ustrd>394 29/11/16</Ustrd>
              </RmtInf>
          </CdtTrfTxInf>
          <CdtTrfTxInf>
              <PmtId>
                  <InstrId>2</InstrId>
                  <EndToEndId>ubifeb1720170209123243-0002</EndToEndId>
              </PmtId>
              <PmtTpInf>
                  <CtgyPurp>
                      <Cd>SUPP</Cd>
                  </CtgyPurp>
              </PmtTpInf>
              <Amt>
                 <InstdAmt Ccy="EUR">903.96</InstdAmt>
              </Amt>
              <Cdtr>
                  <Nm>nomeAziendaFornitore1</Nm>
                    <PstlAdr>
                        <AdrTp>ADDR</AdrTp>
                        <StrtNm>Indirizzo</StrtNm>
                        <PstCd>cap</PstCd>
                        <TwnNm>Localita</TwnNm>
                        <CtrySubDvsn>prov</CtrySubDvsn>
                        <Ctry>nazione</Ctry>
                    </PstlAdr>
              </Cdtr>
              <CdtrAcct>
                  <Id>
                      <IBAN>ibanaziendafornitore</IBAN>
                  </Id>
              </CdtrAcct>
              <RmtInf>
                  <Ustrd>3389 17/11/16</Ustrd>
              </RmtInf>
          </CdtTrfTxInf>
          
     </PmtInf>
   </CBIPaymentRequest>
